% References


% Article
@article{BCS,
  author    = {J. Bardeen and L. N. Cooper and J. R. Schrieffer},
  title     = {Theory of Superconductivity},
  journal   = {Physical Review},
  volume    = {108},
  number    = {5},
  pages     = {1175-1204},
  year      = {1957},
  doi       = {10.1070/1063-7869/44/10S/S29}
}
@article{Lund1,
  author    = {W. Samuelsen},
  title     = {Majorana bound states in chains of interacting quantum dots},
  journal   = {LUP student papers},
  volume    = {1},
  number    = {1},
  pages     = {1-17},
  year      = {2023}
}
@article{VikWilMar, 
  author    = {W. Samuelson and V. Svensson and M. Leijnse},
  title     = {Minimal quantum dot based Kitaev chain with only local superconducting proximity effect},
  journal   = {Arxiv org},
  volume    = {1},
  number    = {1},
  pages     = {1-11},
  year      = {2024},
  doi       = {https://doi.org/10.1103/PhysRevB.109.035415}
}
@article{VikMar,
  author    = {V. Svensson and M. Leijnse},
  title     = {Quantum-dot-based Kitaev chains: Majorana quality measures and scaling with increasing chain length},
  journal   = {Arxiv preprint arXiv:2310.03536},
  volume    = {1},
  number    = {1},
  pages     = {1-11},
  year      = {2024},
  doi       = {https://doi.org/10.1103/PhysRevB.110.155436}
}
@article{sweetspot,
  author    = {A. Brunetti and A. Zazunov and A. Kundu and R. Egger},
  title     = {Anomalous Josephson current, incipient time-reversal
symmetry breaking, and Majorana bound states in interacting multilevel dots},
  journal   = {Physical Review},
  volume    = {88},
  number    = {14},
  pages     = {1-13},
  year      = {2013},
  doi       = {https://doi.org/10.1103/PhysRevB.88.144515}
}


% Book
@book{Qtech,
  author = {R. Aguado and R. Citro and M. Lewenstein and M. Stern},
  title  = {New Trends and Platforms for Quantum Technologies},
  publisher = {Springer},
  year = {2024},
  isbn = {978-3-031-55656-2}
}

@book{Cambridge_MBPhysics,
  author    = {P. Coleman},
  title     = {Introduction to Many-Body Physics},
  publisher = {Cambridge University Press},
  year      = {2015},
  isbn      = {9781139020916}
}

% Webpage
@misc{Physics_libretexts_2025,
  author       = {OpenStax},
  title        = {9.9: Superconductivity},
  url         = {https://phys.libretexts.org/Bookshelves/University_Physics/University_Physics_(OpenStax)/University_Physics_III_-_Optics_and_Modern_Physics_(OpenStax)/09%3A_Condensed_Matter_Physics/9.09%3A_Superconductivity},
  note         = {Accessed: 2025-10-23}
}

@misc{Topocondmat,
  author = {A. Akhmerov and J. Sau and B. van Heck and S. Rubbert and R. Skolasinski and B. Nijholt and I. Muhammad and T. O. Rosdahl},
  title  = {Online course on topology in condensed matter},
  url    = {https://topocondmat.org/index.html},
  note   = {Accessed: 2025-10-23},
  year   = {2024}
}
